@Comment А вот так оформляется библиография при помощи BibTeX.

@BOOK{metodichka,
    author = {Бушуев А.Б. and Литвинов Ю.В.},
    title = {Домашнее задание по курсу <<Математическое моделирование процессов технического творчества>>},
    address = {СПб.},
    publisher = {Университет ИТМО},
    year = {2016},
    note = {39c.},
    language = {russian}
}

@PATENT{patent,
author = {Панов В. Г.},
authorcountry = {СССР},
title = {Ёмкостный датчик микроперемещений},
media = {text},
type = {пат.},
number = {1725070},
location = {Рос. Федерация},
ipc = {МПК G 01 В 7/00},
holder = {заявитель и патентообладатель Панов В. Г.},
credits = {патент. поверенный Моргентан М.},
requestnumber = {4822394/28},
date = {22.03.1990},
publicationdate = {07.04.1992},
publication = {Бюл. No 16},
pagetotal = {3 с.~: ил.},
language = {russian},
}

